\addcontentsline{toc}{section}{References} %\label{sec:references}
\begin{thebibliography}{90}

\bibitem{syllabus}
    \emph{Linear system theory and design - Chi- Tsong Chen} 


\end{thebibliography}